%
% CAUTION!!!
% Entries will appear in the order the are entered in this file.
%
% Add software citation below
%
@misc{nicholas_featherstone_2018_1158290,
   author = "Featherstone, N.",
   title="Rayleigh Version 0.9.0",
   year="2018",
   organization="Computational Infrastructure for Geodynamics",
   address="Davis, CA",
   optkeywords="Rayleigh",
   doi="http://doi.org/10.5281/zenodo.1158290",
   opturl="https://doi.org/10.5281/zenodo.1158290"
}

@misc{nicholas_featherstone_2018_1236565,
  	author = "Featherstone, N.",
  	title="Rayleigh 0.9.1",
  	year="2018",
  	organization="",
  	optkeywords="Rayleigh",
  	doi="http://doi.org/10.5281/zenodo.1236565",
  	opturl="https://doi.org/10.5281/zenodo.1236565"
}

%
% ADD PUBLICATIONS BELOW
%
% 2019
%
% 2018
%
% 2017
%
% 2016
%

@Article{Featherstone_Hindmam_2016,
    author = "Featherstone, N.A. and Hindman, B.W.",
    title="The Spectral Amplitude Of Stellar Convection And Its Scaling In The High-Rayleigh-Number Regime",
    year="2016",
    journal="The Astrophysical Journal",
    volume="818",
    number="1",
    pages="32",
    optkeywords="Rayleigh",
    issn="1538-4357",
    doi="http://doi.org/10.3847/0004-637X/818/1/32",
    opturl="http://stacks.iop.org/0004-637X/818/i=1/a=32?key=crossref.a90f82507dd0eeb7a6e7562d1e4b0210"
}

@Article{Matsui_etal_2016,
	 author = "Matsui, H. and Heien, E. and Aubert, J. and Aurnou, J.M. and Avery, M. and Brown, B. and Buffett, B.A. and Busse, F. and Christensen, U.R. and Davies, C.J. and Featherstone, N. and Gastine, T. and Glatzmaier, G.A. and Gubbins, D. and Guermond, J.-L. and Hayashi, Y.-Y. and Hollerbach, R. and Hwang, L.J. and Jackson, A. and Jones, C.A. and Jiang, W. and Kellogg, L.H. and Kuang, W. and Landeau, M. and Marti, P.H. and Olson, P. and Ribeiro, A. and Sasaki, Y. and Schaeffer, N. and Simitev, R.D. and Sheyko, A. and Silva, L. and Stanley, S. and Takahashi, F. and Takehiro, S.-ichi and Wicht, J. and Willis, A.P.",
	  title="Performance benchmarks for a next generation numerical dynamo model",
	 year="2016",
	 journal="Geochemistry, Geophysics, Geosystems",
	 volume="17",
	 number="5",
	 pages="1586-1607",
	 optkeywords="Calypso",
	 issn="1525-2027",
	 doi="http://doi.org/10.1002/2015GC006159",
	 opturl="http://doi.wiley.com/10.1002/2015GC006159"
}
