%
% CAUTION!!!
% Entries will appear in the order the are entered in this file.
%
% Add Publications for 2019 ONLY
%
@Article{Buffett+Matsui2019,
author="Buffett, B.
and Matsui, H.",
title="Equatorially trapped waves in Earth{\textquoteright}s core",
journal="Geophysical Journal International",
year="2019",
volume="218",
number="2",
pages="1210--1225",
optkeywords="Rayleigh",
optnote="exported from refbase (https://geodynamics.org/cig/refbase/show.php?record=1739), last updated on Thu, 20 Jun 2019 08:58:07 -0700",
issn="0956-540X",
doi="10.1093/gji/ggz233",
opturl="https://academic.oup.com/gji/article/218/2/1210/5491334"
}
