%
% CAUTION!!!
% Entries will appear in the order the are entered in this file.
%
% Add software citation below
%

@misc{nicholas_featherstone_2018_1236565,
  	author = "Featherstone, N.",
  	title="Rayleigh 0.9.1",
  	year="2018",
  	organization="",
  	optkeywords="Rayleigh",
  	doi="http://doi.org/10.5281/zenodo.1236565",
  	opturl="https://doi.org/10.5281/zenodo.1236565"
}

@misc{nicholas_featherstone_2018_1158290,
   author = "Featherstone, N.",
   title="Rayleigh Version 0.9.0",
   year="2018",
   organization="Computational Infrastructure for Geodynamics",
   address="Davis, CA",
   optkeywords="Rayleigh",
   doi="http://doi.org/10.5281/zenodo.1158290",
   opturl="https://doi.org/10.5281/zenodo.1158290"
}
