%
% CAUTION!!!
% Entries will appear in the order they are entered in this file.
%
% Add Publications for 2016 ONLY
%
@Article{Featherstone+Hindman2016,
  author="Featherstone, N. A.
  and Hindman, B. W.",
  title="The Emergence Of Solar Supergranulation As A Natural Consequence Of Rotationally Constrained Interior Convection",
  journal="The Astrophysical Journal",
  year="2016",
  volume="830",
  number="1",
  pages="L15",
  optkeywords="Rayleigh",
  optnote="exported from refbase (https://geodynamics.org/cig/refbase/show.php?record=1442), last updated on Mon, 10 Apr 2017 11:05:43 -0700",
  issn="2041-8213",
  doi="10.3847/2041-8205/830/1/L15",
  opturl="http://stacks.iop.org/2041-8205/830/i=1/a=L15?key=crossref.b9fcd6b0ca6169fe7d0be8513d56f369"
}

@Article{Featherstone_Hindmam_2016,
    author = "Featherstone, N.A. and Hindman, B.W.",
    title="The Spectral Amplitude Of Stellar Convection And Its Scaling In The High-Rayleigh-Number Regime",
    year="2016",
    journal="The Astrophysical Journal",
    volume="818",
    number="1",
    pages="32",
    optkeywords="Rayleigh",
    issn="1538-4357",
    doi="http://doi.org/10.3847/0004-637X/818/1/32",
    opturl="http://stacks.iop.org/0004-637X/818/i=1/a=32?key=crossref.a90f82507dd0eeb7a6e7562d1e4b0210"
}

@Article{Matsui_etal_2016,
	 author = "Matsui, H. and Heien, E. and Aubert, J. and Aurnou, J.M. and Avery, M. and Brown, B. and Buffett, B.A. and Busse, F. and Christensen, U.R. and Davies, C.J. and Featherstone, N. and Gastine, T. and Glatzmaier, G.A. and Gubbins, D. and Guermond, J.-L. and Hayashi, Y.-Y. and Hollerbach, R. and Hwang, L.J. and Jackson, A. and Jones, C.A. and Jiang, W. and Kellogg, L.H. and Kuang, W. and Landeau, M. and Marti, P.H. and Olson, P. and Ribeiro, A. and Sasaki, Y. and Schaeffer, N. and Simitev, R.D. and Sheyko, A. and Silva, L. and Stanley, S. and Takahashi, F. and Takehiro, S.-ichi and Wicht, J. and Willis, A.P.",
	  title="Performance benchmarks for a next generation numerical dynamo model",
	 year="2016",
	 journal="Geochemistry, Geophysics, Geosystems",
	 volume="17",
	 number="5",
	 pages="1586-1607",
	 optkeywords="Calypso",
	 issn="1525-2027",
	 doi="http://doi.org/10.1002/2015GC006159",
	 opturl="http://doi.wiley.com/10.1002/2015GC006159"
}

@Article{OMara_etal2016,
  author="O'Mara, B.
  and Miesch, M. S.
  and Featherstone, N. A.
  and Augustson, K. C.",
  title="Velocity amplitudes in global convection simulations: The role of the Prandtl number and near-surface driving",
  journal="Advances in Space Research",
  year="2016",
  optkeywords="Rayleigh",
  optnote="exported from refbase (https://geodynamics.org/cig/refbase/show.php?record=1121), last updated on Thu, 21 Apr 2016 10:52:02 -0700",
  issn="0273-1177",
  doi="10.1016/j.asr.2016.03.038",
opturl="http://linkinghub.elsevier.com/retrieve/pii/S0273117716300953"
}
%
% CAUTION!!!
% Entries will appear in the order they are entered in this file.
%
% Add Publications for 2018 ONLY
%

@Article{Karak_etal2018,
author="Karak, B. B.
and Miesch, M.
and Bekki, Y.",
title="Consequences of high effective Prandtl number on solar differential rotation and convective velocity",
journal="Physics of Fluids",
year="2018",
volume="30",
number="4",
pages="046602",
optkeywords="Rayleigh",
optnote="exported from refbase (https://geodynamics.org/cig/refbase/show.php?record=1614), last updated on Tue, 19 Jun 2018 19:49:37 -0700",
issn="1070-6631",
doi="10.1063/1.5022034",
opturl="http://aip.scitation.org/doi/10.1063/1.5022034"
}

@Article{Miquel_etal2018,
author="Miquel, B.
and Xie, J-H
and Featherstone, N.
and Julien, K.
and Knobloch, E.",
title="Equatorially trapped convection in a rapidly rotating shallow shell",
journal="Physical Review Fluids",
year="2018",
volume="3",
number="5",
optkeywords="Rayleigh",
optnote="exported from refbase (https://geodynamics.org/cig/refbase/show.php?record=1616), last updated on Tue, 19 Jun 2018 19:51:40 -0700",
issn="2469-990X",
doi="10.1103/PhysRevFluids.3.053801",
opturl="https://link.aps.org/doi/10.1103/PhysRevFluids.3.053801"
}

@Article{Orvedahl_etal2018,
author="Orvedahl, R. J.
and Calkins, M. A.
and Featherstone, N. A.
and Hindman, B. W.",
title="Prandtl-number Effects in High-Rayleigh-number Spherical Convection",
journal="The Astrophysical Journal",
year="2018",
volume="856",
number="1",
pages="13",
optkeywords="Rayleigh",
abstract="Convection is the predominant mechanism by which energy and angular momentum are transported in the outer portion of the Sun. The resulting overturning motions are also the primary energy source for the solar magnetic field. An accurate solar dynamo model therefore requires a complete description of the convective motions, but these motions remain poorly understood. Studying stellar convection numerically remains challenging; it occurs within a parameter regime that is extreme by computational standards. The fluid properties of the convection zone are characterized in part by the Prandtl number \#\#IMG\#\# [http://ej.iop.org/images/0004-637X/856/1/13/apjaaaeb5ieqn1.gif] \${\backslash}Pr \$ {\^A}~={\^A}~$\nu$ / $\kappa$ , where $\nu$ is the kinematic viscosity and $\kappa$ is the thermal diffusion; in stars, \#\#IMG\#\# [http://ej.iop.org/images/0004-637X/856/1/13/apjaaaeb5ieqn2.gif] \${\backslash}Pr \$ is extremely low, \#\#IMG\#\# [http://ej.iop.org/images/0004-637X/856/1/13/apjaaaeb5ieqn3.gif] \${\backslash}Pr \${\^A}~??{\^A}{\^A}{\^A}~10 -7 . The influence of \#\#IMG\#\# [http://ej.iop.org/images/0004-637X/856/1/13/apjaaaeb5ieqn4.gif] \${\backslash}Pr \$ on the convective motions at the heart of the dynamo is not well understood since most numerical studies are limited to using \#\#IMG\#\# [http://ej.iop.org/images/0004-637X/856/1/13/apjaaaeb5ieqn5.gif] \${\backslash}Pr \${\^A}~??{\^A}{\^A}{\^A}~1. We systematically vary \#\#IMG\#\# [http://ej.iop.org/images/0004-637X/856/1/13/apjaaaeb5ieqn6.gif] \${\backslash}Pr \$ and the degree of thermal forcing, characterized through a Rayleigh number, to explore its influence on the convective dynamics. For sufficiently large thermal driving, the simulations reach a so-called convective free-fall state where diffusion no longer plays an important role in the interior dynamics. Simulations with a lower \#\#IMG\#\# [http://ej.iop.org/images/0004-637X/856/1/13/apjaaaeb5ieqn7.gif] \${\backslash}Pr \$ generate faster convective flows and broader ranges of scales for equivalent levels of thermal forcing. Characteristics of the spectral distribution of the velocity remain largely insensitive to changes in \#\#IMG\#\# [http://ej.iop.org/images/0004-637X/856/1/13/apjaaaeb5ieqn8.gif] \${\backslash}Pr \$ . Importantly, we find that \#\#IMG\#\# [http://ej.iop.org/images/0004-637X/856/1/13/apjaaaeb5ieqn9.gif] \${\backslash}Pr \$ plays a key role in determining when the free-fall regime is reached by controlling the thickness of the thermal boundary layer.",
optnote="exported from refbase (https://geodynamics.org/cig/refbase/show.php?record=1615), last updated on Wed, 27 Mar 2019 13:53:43 -0700",
doi="10.3847/1538-4357/aaaeb5",
opturl="http://stacks.iop.org/0004-637X/856/i=1/a=13"
}
%
% CAUTION!!!
% Entries will appear in the order they are entered in this file.
%
% Add Publications for 2019 ONLY
%
@Article{Buffett+Matsui2019,
author="Buffett, B.
and Matsui, H.",
title="Equatorially trapped waves in Earth{\textquoteright}s core",
journal="Geophysical Journal International",
year="2019",
volume="218",
number="2",
pages="1210--1225",
optkeywords="Rayleigh",
optnote="exported from refbase (https://geodynamics.org/cig/refbase/show.php?record=1739), last updated on Thu, 20 Jun 2019 08:58:07 -0700",
issn="0956-540X",
doi="10.1093/gji/ggz233",
opturl="https://academic.oup.com/gji/article/218/2/1210/5491334"
}
%
% CAUTION!!!
% Entries will appear in the order they are entered in this file.
%
% Add Publications for 2020 ONLY
%
@article{Matilsky_2020a,
author = {Loren I. Matilsky and Bradley W. Hindman and Juri Toomre},
title = {Revisiting the Sun’s Strong Differential Rotation along Radial Lines},
journal = {The Astrophysical Journal},
year = {2020},
volume = {898},
number = {2},
pages = {111},
optkeywords={Rayleigh},
issn = {1538-4357},
doi = {10.3847/1538-4357/ab9ca0},
opturl = {https://dx.doi.org/10.3847/1538-4357/ab9ca0},
}

@article{Matilsky_2020b,
author = {Loren I. Matilsky and Juri Toomre},
title = {Exploring Bistability in the Cycles of the Solar Dynamo through Global Simulations},
journal = {The Astrophysical Journal},
year = {2020},
volume = {892},
number = {2},
pages = {106},
optkeywords={Rayleigh},
issn = {1538-4357},
doi = {10.3847/1538-4357/ab791c},
opturl = {https://dx.doi.org/10.3847/1538-4357/ab791c},
}

@article{Hindman_2020,
author = {Bradley W. Hindman and Nicholas A. Featherstone and Keith Julien},
title = {Morphological Classification of the Convective Regimes in Rotating Stars},
journal = {The Astrophysical Journal},
year = {2020},
volume = {898},
number = {2},
pages = {120},
optkeywords={Rayleigh},
issn = {1538-4357}
doi = {10.3847/1538-4357/ab9ec2},
opturl = {https://dx.doi.org/10.3847/1538-4357/ab9ec2},
}
%
% CAUTION!!!
% Entries will appear in the order they are entered in this file.
%
% Add Publications for 2021 ONLY
%
@article{Orvedahl_2021,
author = {Orvedahl, Ryan J and Featherstone, Nicholas A and Calkins, Michael A},
title = "{Large-scale magnetic field saturation and the Elsasser number in rotating spherical dynamo models}",
journal = {Monthly Notices of the Royal Astronomical Society: Letters},
year = {2021},
volume = {507},
number = {1},
pages = {L67-L71},
optkeywords={Rayleigh},
issn = {1745-3925},
doi = {10.1093/mnrasl/slab097},
opturl = {https://academic.oup.com/mnrasl/article-pdf/507/1/L67/54645614/slab097.pdf},
}

@article{Calkins_2021,
author = {Calkins, Michael A and Orvedahl, Ryan J and Featherstone, Nicholas A},
title = "{Large-scale balances and asymptotic scaling behaviour in spherical dynamos}",
journal = {Geophysical Journal International},
year = {2021},
volume = {227},
number = {2},
pages = {1228-1245},
optkeywords={Rayleigh},
issn = {0956-540X},
doi = {10.1093/gji/ggab274},
opturl = {https://academic.oup.com/gji/article-pdf/227/2/1228/39558185/ggab274.pdf},
}

@article{Korre_2021,
author = {Lydia Korre and Nicholas A. Featherstone},
title = {On the Dynamics of Overshooting Convection in Spherical Shells: Effect of Density Stratification and Rotation},
journal = {The Astrophysical Journal},
year = {2021},
volume = {923},
number = {1},
pages = {52},
optkeywords={Rayleigh},
issn = {1538-4357},
doi = {10.3847/1538-4357/ac2dea},
opturl = {https://dx.doi.org/10.3847/1538-4357/ac2dea},
}
%
% CAUTION!!!
% Entries will appear in the order they are entered in this file.
%
% Add Publications for 2022 ONLY
%
@article{Camisassa_2022,
author = {Maria E. Camisassa and Nicholas A. Featherstone},
title = {Solar-like to Antisolar Differential Rotation: A Geometric Interpretation},
journal = {The Astrophysical Journal},
year = {2022},
volume = {938},
number = {1},
pages = {65},
optkeywords={Rayleigh},
issn = {1538-4357},
doi = {10.3847/1538-4357/ac879f},
opturl = {https://dx.doi.org/10.3847/1538-4357/ac879f},
}

@article{Matilsky_2022,
author = {Loren I. Matilsky and Bradley W. Hindman and Nicholas A. Featherstone and Catherine C. Blume and Juri Toomre},
title = {Confinement of the Solar Tachocline by Dynamo Action in the Radiative Interior},
journal = {The Astrophysical Journal Letters},
year = {2022},
volume = {940},
number = {2},
pages = {L50},
optkeywords={Rayleigh},
issn = {1538-4357},
doi = {10.3847/2041-8213/ac93ef},
opturl = {https://dx.doi.org/10.3847/2041-8213/ac93ef},
}

@article{Heimpel_2022,
author = {Moritz H. Heimpel and Rakesh K. Yadav and Nicholas A. Featherstone and Jonathan M. Aurnou},
title = {Polar and mid-latitude vortices and zonal flows on Jupiter and Saturn},
journal = {Icarus},
year = {2022},
volume = {379},
pages = {114942},
optkeywords={Rayleigh},
issn = {0019-1035},
doi = {https://doi.org/10.1016/j.icarus.2022.114942},
opturl = {https://www.sciencedirect.com/science/article/pii/S001910352200063X},
}
%
% CAUTION!!!
% Entries will appear in the order they are entered in this file.
%
% Add Publications for 2023 ONLY
%
@article{Bice_2023a,
author = {Connor P. Bice and Juri Toomre},
title = {Effects of Full-sphere Convection on M-dwarf Dynamo Action, Flux Emergence, and Spin-down},
journal = {The Astrophysical Journal},
year = {2023},
volume = {951},
number = {1},
pages = {79},
optkeywords={Rayleigh},
issn = {1538-4357},
doi = {10.3847/1538-4357/acd2db},
opturl = {https://dx.doi.org/10.3847/1538-4357/acd2db},
}


@article{Bice_2023b,
author = {Connor P. Bice and Juri Toomre},
title = {Nature of Intense Magnetism and Differential Rotation in Convective Dynamos of M-dwarf Stars with Tachoclines},
journal = {The Astrophysical Journal},
year = {2023},
volume = {947},
number = {1},
pages = {36},
optkeywords={Rayleigh},
issn = {1538-4357},
doi = {10.3847/1538-4357/acac78},
url = {https://dx.doi.org/10.3847/1538-4357/acac78},
}


@ARTICLE{Duer_2023,
author = {Duer, K. and Galanti, E. and Kaspi, Y.},
title = "{Gas Giant Simulations of Eddy-Driven Jets Accompanied by Deep Meridional Circulation}",
journal = {AGU Advances},
year = {2023},
volume = {4},
number = {6},
eid = {e2023AV000908},
pages = {e2023AV000908},
issn = {2576-604X},
doi = {10.1029/2023AV000908},
opturl = {https://ui.adsabs.harvard.edu/abs/2023AGUA....400908D},
}
