%
% CAUTION!!!
% Entries will appear in the order the are entered in this file.
%
% Add Publications for 2022 ONLY
%
@article{Camisassa_2022,
author = {Maria E. Camisassa and Nicholas A. Featherstone},
title = {Solar-like to Antisolar Differential Rotation: A Geometric Interpretation},
journal = {The Astrophysical Journal},
year = {2022},
volume = {938},
number = {1},
pages = {65},
optkeywords={Rayleigh},
issn = {1538-4357},
doi = {10.3847/1538-4357/ac879f},
opturl = {https://dx.doi.org/10.3847/1538-4357/ac879f},
}

@article{Matilsky_2022,
author = {Loren I. Matilsky and Bradley W. Hindman and Nicholas A. Featherstone and Catherine C. Blume and Juri Toomre},
title = {Confinement of the Solar Tachocline by Dynamo Action in the Radiative Interior},
journal = {The Astrophysical Journal Letters},
year = {2022},
volume = {940},
number = {2},
pages = {L50},
optkeywords={Rayleigh},
issn = {1538-4357},
doi = {10.3847/2041-8213/ac93ef},
opturl = {https://dx.doi.org/10.3847/2041-8213/ac93ef},
}

@article{Heimpel_2022,
author = {Moritz H. Heimpel and Rakesh K. Yadav and Nicholas A. Featherstone and Jonathan M. Aurnou},
title = {Polar and mid-latitude vortices and zonal flows on Jupiter and Saturn},
journal = {Icarus},
year = {2022},
volume = {379},
pages = {114942},
optkeywords={Rayleigh},
issn = {0019-1035},
doi = {https://doi.org/10.1016/j.icarus.2022.114942},
opturl = {https://www.sciencedirect.com/science/article/pii/S001910352200063X},
}