%
% CAUTION!!!
% Entries will appear in the order they are entered in this file.
%
% Add Publications for 2020 ONLY
%
@article{Matilsky_2020a,
author = {Loren I. Matilsky and Bradley W. Hindman and Juri Toomre},
title = {Revisiting the Sunâ€™s Strong Differential Rotation along Radial Lines},
journal = {The Astrophysical Journal},
year = {2020},
volume = {898},
number = {2},
pages = {111},
optkeywords={Rayleigh},
issn = {1538-4357},
doi = {10.3847/1538-4357/ab9ca0},
opturl = {https://dx.doi.org/10.3847/1538-4357/ab9ca0},
}

@article{Matilsky_2020b,
author = {Loren I. Matilsky and Juri Toomre},
title = {Exploring Bistability in the Cycles of the Solar Dynamo through Global Simulations},
journal = {The Astrophysical Journal},
year = {2020},
volume = {892},
number = {2},
pages = {106},
optkeywords={Rayleigh},
issn = {1538-4357},
doi = {10.3847/1538-4357/ab791c},
opturl = {https://dx.doi.org/10.3847/1538-4357/ab791c},
}

@article{Hindman_2020,
author = {Bradley W. Hindman and Nicholas A. Featherstone and Keith Julien},
title = {Morphological Classification of the Convective Regimes in Rotating Stars},
journal = {The Astrophysical Journal},
year = {2020},
volume = {898},
number = {2},
pages = {120},
optkeywords={Rayleigh},
issn = {1538-4357}
doi = {10.3847/1538-4357/ab9ec2},
opturl = {https://dx.doi.org/10.3847/1538-4357/ab9ec2},
}

