%
% CAUTION!!!
% Entries will appear in the order they are entered in this file.
%
% Add Publications for 2021 ONLY
%
@Article{Orvedahl_2021,
author = {Orvedahl, Ryan J and Featherstone, Nicholas A and Calkins, Michael A},
title = "{Large-scale magnetic field saturation and the Elsasser number in rotating spherical dynamo models}",
journal = {Monthly Notices of the Royal Astronomical Society: Letters},
year = {2021},
volume = {507},
number = {1},
pages = {L67-L71},
optkeywords={Rayleigh},
issn = {1745-3925},
doi = {10.1093/mnrasl/slab097},
opturl = {https://academic.oup.com/mnrasl/article-pdf/507/1/L67/54645614/slab097.pdf}
}

@Article{Calkins_2021,
author = {Calkins, Michael A and Orvedahl, Ryan J and Featherstone, Nicholas A},
title = "{Large-scale balances and asymptotic scaling behaviour in spherical dynamos}",
journal = {Geophysical Journal International},
year = {2021},
volume = {227},
number = {2},
pages = {1228-1245},
optkeywords={Rayleigh},
issn = {0956-540X},
doi = {10.1093/gji/ggab274},
opturl = {https://academic.oup.com/gji/article-pdf/227/2/1228/39558185/ggab274.pdf}
}

@Article{Korre_2021,
author = {Lydia Korre and Nicholas A. Featherstone},
title = {On the Dynamics of Overshooting Convection in Spherical Shells: Effect of Density Stratification and Rotation},
journal = {The Astrophysical Journal},
year = {2021},
volume = {923},
number = {1},
pages = {52},
optkeywords={Rayleigh},
issn = {1538-4357},
doi = {10.3847/1538-4357/ac2dea},
opturl = {https://dx.doi.org/10.3847/1538-4357/ac2dea}
}


