%
% CAUTION!!!
% Entries will appear in the order they are entered in this file.
%
% Add Publications for 2016 ONLY
%
@Article{Featherstone+Hindman2016,
  author="Featherstone, N. A.
  and Hindman, B. W.",
  title="The Emergence Of Solar Supergranulation As A Natural Consequence Of Rotationally Constrained Interior Convection",
  journal="The Astrophysical Journal",
  year="2016",
  volume="830",
  number="1",
  pages="L15",
  optkeywords="Rayleigh",
  optnote="exported from refbase (https://geodynamics.org/cig/refbase/show.php?record=1442), last updated on Mon, 10 Apr 2017 11:05:43 -0700",
  issn="2041-8213",
  doi="10.3847/2041-8205/830/1/L15",
  opturl="http://stacks.iop.org/2041-8205/830/i=1/a=L15?key=crossref.b9fcd6b0ca6169fe7d0be8513d56f369"
}

@Article{Featherstone_Hindmam_2016,
    author = "Featherstone, N.A. and Hindman, B.W.",
    title="The Spectral Amplitude Of Stellar Convection And Its Scaling In The High-Rayleigh-Number Regime",
    year="2016",
    journal="The Astrophysical Journal",
    volume="818",
    number="1",
    pages="32",
    optkeywords="Rayleigh",
    issn="1538-4357",
    doi="http://doi.org/10.3847/0004-637X/818/1/32",
    opturl="http://stacks.iop.org/0004-637X/818/i=1/a=32?key=crossref.a90f82507dd0eeb7a6e7562d1e4b0210"
}

@Article{Matsui_etal_2016,
	 author = "Matsui, H. and Heien, E. and Aubert, J. and Aurnou, J.M. and Avery, M. and Brown, B. and Buffett, B.A. and Busse, F. and Christensen, U.R. and Davies, C.J. and Featherstone, N. and Gastine, T. and Glatzmaier, G.A. and Gubbins, D. and Guermond, J.-L. and Hayashi, Y.-Y. and Hollerbach, R. and Hwang, L.J. and Jackson, A. and Jones, C.A. and Jiang, W. and Kellogg, L.H. and Kuang, W. and Landeau, M. and Marti, P.H. and Olson, P. and Ribeiro, A. and Sasaki, Y. and Schaeffer, N. and Simitev, R.D. and Sheyko, A. and Silva, L. and Stanley, S. and Takahashi, F. and Takehiro, S.-ichi and Wicht, J. and Willis, A.P.",
	  title="Performance benchmarks for a next generation numerical dynamo model",
	 year="2016",
	 journal="Geochemistry, Geophysics, Geosystems",
	 volume="17",
	 number="5",
	 pages="1586-1607",
	 optkeywords="Calypso",
	 issn="1525-2027",
	 doi="http://doi.org/10.1002/2015GC006159",
	 opturl="http://doi.wiley.com/10.1002/2015GC006159"
}

@Article{OMara_etal2016,
  author="O'Mara, B.
  and Miesch, M. S.
  and Featherstone, N. A.
  and Augustson, K. C.",
  title="Velocity amplitudes in global convection simulations: The role of the Prandtl number and near-surface driving",
  journal="Advances in Space Research",
  year="2016",
  optkeywords="Rayleigh",
  optnote="exported from refbase (https://geodynamics.org/cig/refbase/show.php?record=1121), last updated on Thu, 21 Apr 2016 10:52:02 -0700",
  issn="0273-1177",
  doi="10.1016/j.asr.2016.03.038",
opturl="http://linkinghub.elsevier.com/retrieve/pii/S0273117716300953"
}
