%
% CAUTION!!!
% Entries will appear in the order they are entered in this file.
%
% Add Publications for 2023 ONLY
%

@article{Bice_2023a,
author = {Connor P. Bice and Juri Toomre},
title = {Effects of Full-sphere Convection on M-dwarf Dynamo Action, Flux Emergence, and Spin-down},
journal = {The Astrophysical Journal},
year = {2023},
volume = {951},
number = {1},
pages = {79},
optkeywords={Rayleigh},
issn = {1538-4357},
doi = {10.3847/1538-4357/acd2db},
opturl = {https://dx.doi.org/10.3847/1538-4357/acd2db},
}


@article{Bice_2023b,
author = {Connor P. Bice and Juri Toomre},
title = {Nature of Intense Magnetism and Differential Rotation in Convective Dynamos of M-dwarf Stars with Tachoclines},
journal = {The Astrophysical Journal},
year = {2023},
volume = {947},
number = {1},
pages = {36},
optkeywords={Rayleigh},
issn = {1538-4357},
doi = {10.3847/1538-4357/acac78},
url = {https://dx.doi.org/10.3847/1538-4357/acac78},
}


@ARTICLE{Duer_2023,
author = {Duer, K. and Galanti, E. and Kaspi, Y.},
title = "{Gas Giant Simulations of Eddy-Driven Jets Accompanied by Deep Meridional Circulation}",
journal = {AGU Advances},
year = {2023},
volume = {4},
number = {6},
eid = {e2023AV000908},
pages = {e2023AV000908},
issn = {2576-604X},
doi = {10.1029/2023AV000908},
opturl = {https://ui.adsabs.harvard.edu/abs/2023AGUA....400908D},
}
