%
% CAUTION!!!
% Entries will appear in the order the are entered in this file.
%
% Add software citation below
%

@misc{nicholas_featherstone_2024_11391213,
  	author = "Featherstone, N.",
  	title="Rayleigh 1.2.0",
  	year="2024",
  	organization="",
  	optkeywords="Rayleigh",
  	doi="http://doi.org/10.5281/zenodo.11391213",
  	opturl="https://doi.org/10.5281/zenodo.11391213"

}

@misc{nicholas_featherstone_2022_6522806,
  	author = "Featherstone, N.",
  	title="Rayleigh 1.1.0",
  	year="2022",
  	organization="",
  	optkeywords="Rayleigh",
  	doi="http://doi.org/10.5281/zenodo.6522806",
  	opturl="https://doi.org/10.5281/zenodo.6522806"

}

@misc{nicholas_featherstone_2021_5774039,
  	author = "Featherstone, N.",
  	title="Rayleigh 1.0.1",
  	year="2021",
  	organization="",
  	optkeywords="Rayleigh",
  	doi="http://doi.org/10.5281/zenodo.5774039",
  	opturl="https://doi.org/10.5281/zenodo.5774039"

}
@misc{nicholas_featherstone_2021_5683601,
  	author = "Featherstone, N.",
  	title="Rayleigh 1.0.0",
  	year="2021",
  	organization="",
  	optkeywords="Rayleigh",
  	doi="http://doi.org/10.5281/zenodo.5683601",
  	opturl="https://doi.org/10.5281/zenodo.5683601"
}

@misc{nicholas_featherstone_2018_1236565,
  	author = "Featherstone, N.",
  	title="Rayleigh 0.9.1",
  	year="2018",
  	organization="",
  	optkeywords="Rayleigh",
  	doi="http://doi.org/10.5281/zenodo.1236565",
  	opturl="https://doi.org/10.5281/zenodo.1236565"
}

@misc{nicholas_featherstone_2018_1158290,
   author = "Featherstone, N.",
   title="Rayleigh Version 0.9.0",
   year="2018",
   organization="Computational Infrastructure for Geodynamics",
   address="Davis, CA",
   optkeywords="Rayleigh",
   doi="http://doi.org/10.5281/zenodo.1158290",
   opturl="https://doi.org/10.5281/zenodo.1158290"
}
